<?xml version="1.0" encoding="UTF-8"?>
<record xmlns="http://www.loc.gov/MARC21/slim" xmlns:xsi="http://www.w3.org/2001/XMLSchema-instance" xsi:schemaLocation="http://www.loc.gov/MARC21/slim http://www.loc.gov/standards/marcxml/schema/MARC21slim.xsd">
<leader>00000nam a2200253 a 4500</leader>
<controlfield tag="001">001680967</controlfield>
<controlfield tag="003">NNU</controlfield>
<controlfield tag="005">20130415152421.0</controlfield>
<controlfield tag="008">930913s1954    ua            000 0 ara d</controlfield>
<datafield tag="035" ind1="9" ind2=" ">
<subfield code="a">NYUb12224371</subfield>
</datafield>
<datafield tag="035" ind1=" " ind2=" ">
<subfield code="a">(CStRLIN)NJPG93-B50033</subfield>
</datafield>
<datafield tag="040" ind1=" " ind2=" ">
<subfield code="a">NjP</subfield>
<subfield code="c">NjP</subfield>
</datafield>
<datafield tag="100" ind1="1" ind2=" ">
<subfield code="a">Azharī, Khālid ibn ʻAbd Allāh,</subfield>
<subfield code="d">d. 1499.</subfield>
</datafield>
<datafield tag="245" ind1="1" ind2="0">
<subfield code="a">Sharḥ al-Taṣrīḥ ʻalá al-Tawḍīḥ :</subfield>
<subfield code="b">ʻalá Alfīyat Ibn Mālik fī al-naḥw li-Jamāl al-Dīn Abī Muḥammad ibn ʻAbd Allāh ibn Yūsuf ibn Hishām al-Anṣārī /</subfield>
<subfield code="c">lil-Shaykh Khālid ibn ʻAbd Allāh al-Azharī. Wa-bi-hāmishihi Ḥāshiyah lil-ʻallāmah Yāsin ibn Zayn al-Dīn al-ʻUlaymī al-Ḥimṣī.</subfield>
</datafield>
<datafield tag="260" ind1=" " ind2=" ">
<subfield code="a">al-Qāhirah :</subfield>
<subfield code="b">Maṭbaʻat al-Istiqāmah,</subfield>
<subfield code="c">1954.</subfield>
</datafield>
<datafield tag="300" ind1=" " ind2=" ">
<subfield code="a">2 v. ;</subfield>
<subfield code="c">28 cm.</subfield>
</datafield>
<datafield tag="650" ind1=" " ind2="0">
<subfield code="a">Arabic language</subfield>
<subfield code="x">Grammar</subfield>
<subfield code="v">Early works to 1800.</subfield>
</datafield>
<datafield tag="600" ind1="1" ind2="0">
<subfield code="a">Ibn Mālik, Muḥammad ibn ʻAbd Allāh,</subfield>
<subfield code="d">d. 1274.</subfield>
<subfield code="t">Alfīyah.</subfield>
</datafield>
<datafield tag="700" ind1="1" ind2=" ">
<subfield code="a">Ibn Hishām, ʻAbd Allāh ibn Yūsuf,</subfield>
<subfield code="d">1309-1360.</subfield>
<subfield code="t">Awḍaḥ al-masālik ilá Alfīyat Ibn Mālik.</subfield>
</datafield>
<datafield tag="700" ind1="1" ind2=" ">
<subfield code="a">ʻUlaymī, Yāsīn ibn Zayn al-Dīn,</subfield>
<subfield code="d">d. 1650 or 51.</subfield>
</datafield>
<datafield tag="740" ind1="0" ind2="1">
<subfield code="a">Awḍaḥ al-masālik ilá Alfiyat Ibn Mālik.</subfield>
</datafield>
<datafield tag="OWN" ind1=" " ind2=" ">
<subfield code="a">GENERAL</subfield>
</datafield>
<datafield tag="AVA" ind1=" " ind2=" ">
<subfield code="a">NYU50</subfield>
<subfield code="b">BOBST</subfield>
<subfield code="c">Main Collection</subfield>
<subfield code="d">PJ6101 .A9</subfield>
<subfield code="e">unavailable</subfield>
<subfield code="t">Unavailable</subfield>
<subfield code="f">2</subfield>
<subfield code="g">2</subfield>
<subfield code="h">Y</subfield>
<subfield code="i">0</subfield>
<subfield code="j">MAIN</subfield>
</datafield>
</record>
